@INPROCEEDINGS{378090,
author={T. K. {Callaway} and E. E. {Swartzlander}},
booktitle={Proceedings of IEEE 11th Symposium on Computer Arithmetic},
title={Estimating the power consumption of CMOS adders},
year={1993},
volume={},
number={},
pages={210-216},
doi={10.1109/ARITH.1993.378090}
}
