@INPROCEEDINGS{6187846, 
author={Xia Hong and Jia Jingping}, 
booktitle={International Conference on Computer Science and Electronics Engineering, (ICCSEE)}, 
title={Research and Optimization on Rounding Algorithms for Floating-Point Multiplier}, 
year={2012}, 
month={March}, 
volume={1}, 
pages={137-142}, 
doi={10.1109/ICCSEE.2012.315},
}

@INPROCEEDINGS{4580148, 
author={Amaricai, A. and Vladutiu, M. and Udrescu, M. and Prodan, L. and Boncalo, O.}, 
booktitle={International Conference on Application-Specific Systems, Architectures and Processors, (ASAP)}, 
title={Floating point multiplication rounding schemes for interval arithmetic}, 
year={2008}, 
month={July}, 
pages={19-24}, 
doi={10.1109/ASAP.2008.4580148}, 
ISSN={2160-0511},
}

@INPROCEEDINGS{711821, 
author={Seidel, P.-M.}, 
booktitle={Proceedings of the 24th Euromicro Conference}, 
title={How to half the latency of {IEEE} compliant floating-point multiplication}, 
year={1998}, 
month={Aug}, 
volume={1}, 
pages={329-332 vol.1}, 
doi={10.1109/EURMIC.1998.711821}, 
ISSN={1089-6503},
}

@ARTICLE{863033, 
author={Even, G. and Seidel, P.-M.}, 
journal={IEEE Transactions on Computers}, 
title={A comparison of three rounding algorithms for {IEEE} floating-point multiplication}, 
year={2000}, 
month={Jul}, 
volume={49}, 
number={7}, 
pages={638-650}, 
doi={10.1109/12.863033}, 
ISSN={0018-9340},
}


@INPROCEEDINGS{630271, 
author={Even, G. and Mueller, S.M. and Seidel, P.-M.}, 
booktitle={Proceedings of the Second Annual IEEE International Conference on Innovative Systems in Silicon}, 
title={A dual mode IEEE multiplier}, 
year={1997}, 
month={Oct}, 
pages={282-289}, 
doi={10.1109/ICISS.1997.630271}, 
ISSN={1094-7116},
}


@ARTICLE{30711, 
journal={{ANSI/IEEE} Std 754-1985}, 
title={{IEEE} Standard for Binary Floating-Point Arithmetic}, 
year={1985}, 
month={}, 
pages={1-13}, 
doi={10.1109/IEEESTD.1985.82928},
}

@ARTICLE{4610935, 
journal={{IEEE} Std 754-2008}, 
title={{IEEE} Standard for Floating-Point Arithmetic}, 
year={2008}, 
month={Aug}, 
pages={1-70}, 
doi={10.1109/IEEESTD.2008.4610935},
}

@ARTICLE{1432666, 
author={Schwarz, E.M. and Schmookler, M. and Trong, S.D.}, 
journal={IEEE Transactions on Computers}, 
title={{FPU} implementations with denormalized numbers}, 
year={2005}, 
month={July}, 
volume={54}, 
number={7}, 
pages={825-836}, 
doi={10.1109/TC.2005.118}, 
ISSN={0018-9340},
}

@ARTICLE{5388882, 
author={Gerwig, G. and Wetter, H. and Schwarz, E.M. and Haess, J. and
                  Krygowski, C.A. and Fleischer, B.M. and Kroener,
                  M.}, 
journal={{IBM} Journal of Research and Development}, 
title={The {IBM} eServer $z990$ floating-point unit}, 
year={2004}, 
month={May}, 
volume={48}, 
number={3.4}, 
pages={311-322}, 
doi={10.1147/rd.483.0311}, 
ISSN={0018-8646},
}



@ARTICLE{1667289, 
author={Coonen, J.T.}, 
journal={Computer}, 
title={Underflow and the Denormalized Numbers}, 
year={1981}, 
month={March}, 
volume={14}, 
number={3}, 
pages={75-87}, 
doi={10.1109/C-M.1981.220382}, 
ISSN={0018-9162},
}

@book{doi:10.1137/1.9780898718027,
author = {Nicholas J. Higham},
title = {Accuracy and Stability of Numerical Algorithms},
publisher = {Society for Industrial and Applied Mathematics},
year = {2002},
doi = {10.1137/1.9780898718027},
address = {},
edition   = {Second},
URL = {http://epubs.siam.org/doi/abs/10.1137/1.9780898718027},
eprint = {http://epubs.siam.org/doi/pdf/10.1137/1.9780898718027}
}

@book{ercegovac1,
	title = "{Division and Square Root: Digit-Recurrence Algorithms and Implementations}",
        publisher = "Kluwer Academic Publishers",
	author = "M. D. Ercegovac and T. Lang",
        city = "Boston, Massachussetts",
	year = "1994",
}

@book{ErcLan2004,
	author={M.~D.~Ercegovac and T.~Lang},
	title={Digital Arithmetic},
	publisher={Morgan Kaufmann Publishers},
	year={2004},
	key={ErcLan2002},
	isbn={1-55860-798-6}
}


@INPROCEEDINGS{72824, 
author={Santoro, M.R. and Bewick, G. and Horowitz, M.A.}, 
booktitle={Proceedings of 9th Symposium on Computer Arithmetic}, 
title={Rounding algorithms for IEEE multipliers}, 
year={1989}, 
month={Sep}, 
pages={176-183}, 
doi={10.1109/ARITH.1989.72824},
}


@ARTICLE{4539802, 
author={Dimitrakopoulos, G. and Galanopoulos, K. and Mavrokefalidis, Christos and Nikolos, D.}, 
journal={IEEE Transactions on Very Large Scale Integration (VLSI) Systems}, 
title={Low-Power Leading-Zero Counting and Anticipation Logic for High-Speed Floating Point Units}, 
year={2008}, 
month={July}, 
volume={16}, 
number={7}, 
pages={837-850}, 
doi={10.1109/TVLSI.2008.2000458}, 
ISSN={1063-8210},
}

@ARTICLE{551927, 
author={Oklobdzija, V. and Suzuki, H. and Morinaka, H. and Makino, H. and Nakase, Y. and Mashiko, K. and Sumi, T.}, 
journal={IEEE Journal of Solid-State Circuits}, 
title={Comments on ldquo;Leading-zero anticipatory logic for high-speed floating point addition rdquo; [with reply]}, 
year={1997}, 
month={Feb}, 
volume={32}, 
number={2}, 
pages={292-292}, 
doi={10.1109/4.551927}, 
ISSN={0018-9200},
}


@ARTICLE{273153, 
author={Oklobdzija, V.G.}, 
journal={IEEE Transactions on Very Large Scale Integration (VLSI) Systems}, 
title={An algorithmic and novel design of a leading zero detector circuit: comparison with logic synthesis}, 
year={1994}, 
month={March}, 
volume={2}, 
number={1}, 
pages={124-128}, 
doi={10.1109/92.273153}, 
ISSN={1063-8210},
}

@INPROCEEDINGS{269243, 
author={Oklobdzija, V.G.}, 
booktitle={Conference Record of The Twenty-Sixth Asilomar Conference on Signals, Systems and Computers}, 
title={An implementation algorithm and design of a novel leading zero detector circuit}, 
year={1992}, 
month={Oct}, 
pages={391-395 vol.1}, 
doi={10.1109/ACSSC.1992.269243}, 
ISSN={1058-6393},
}

@ARTICLE{277173, 
author={Oklobdzija, V.G.}, 
journal={Electronics Letters}, 
title={Algorithmic design of a hierarchical and modular leading zero detector circuit}, 
year={1993}, 
month={Feb}, 
volume={29}, 
number={3}, 
pages={283-284}, 
doi={10.1049/el:19930193}, 
ISSN={0013-5194},
}

@INPROCEEDINGS{1611267, 
author={Mei Xiao-Lu}, 
booktitle={6th International Conference On ASIC (ASICON)}, 
title={Leading zero anticipation for latency improvement in floating-point fused multiply-add units}, 
year={2005}, 
month={Oct}, 
volume={1}, 
pages={53-56}, 
doi={10.1109/ICASIC.2005.1611267},
}

@ARTICLE{485568, 
author={Oklobdzija, V.G. and Villeger, D. and Liu, S.S.}, 
journal={IEEE Transactions on Computers}, 
title={A method for speed optimized partial product reduction and generation of fast parallel multipliers using an algorithmic approach}, 
year={1996}, 
month={Mar}, 
volume={45}, 
number={3}, 
pages={294-306}, 
doi={10.1109/12.485568}, 
ISSN={0018-9340},
}

@ARTICLE{21152, 
author={Lee, C.}, 
journal={IEEE Transactions on Computers}, 
title={Multistep gradual rounding}, 
year={1989}, 
month={Apr}, 
volume={38}, 
number={4}, 
pages={595-600}, 
doi={10.1109/12.21152}, 
ISSN={0018-9340},
}

@INPROCEEDINGS{465364, 
author={Yu, R.K. and Zyner, G.B.}, 
booktitle={Proceedings of the 12th Symposium on Computer Arithmetic}, 
title={$167$ {MHz} radix-$4$ floating point multiplier}, 
year={1995}, 
month={Jul}, 
pages={149-154}, 
doi={10.1109/ARITH.1995.465364},
}

@INPROCEEDINGS{1692508, 
author={Eriksson, H. and Larsson-Edefors, P. and Sheeran, M. and Sjalander, M. and Johansson, D. and Scholin, M.}, 
booktitle={Proceedings of the International Symposium on Circuits and
                  Systems, (ISCAS)}, 
title={Multiplier reduction tree with logarithmic logic depth and regular connectivity}, 
year={2006}, 
month={May}, 
pages={4 pp.-8}, 
doi={10.1109/ISCAS.2006.1692508},
}


@phdthesis{seidel,
	title = "{On the Design of {IEEE} Compliant Floating-Point Units and Their Quantitative Analysis}",
	author = "P. M. Seidel",
        school = "Saarland University",
	year	= "1999",
        note    = "Available at http://scidok.sulb.uni-saarland.de",
}

@INPROCEEDINGS{5410927, 
author={Kimfors, P. and Broman, N. and Haraldsson, A. and Subramaniyan, K.P. and Sjalander, M. and Eriksson, H. and Larsson-Edefors, P.}, 
booktitle={16th IEEE International Conference on Electronics,
                  Circuits, and Systems, (ICECS)}, 
title={Custom layout strategy for rectangle-shaped log-depth multiplier reduction tree}, 
year={2009}, 
month={Dec}, 
pages={77-80}, 
doi={10.1109/ICECS.2009.5410927},
}

@techreport{hauser,
	title = "{The SoftFloat and TestFloat Validation Suite for Binary Floating-Point Arithmetic}",
        author = "J. Hauser",
        institution = "University of California, Berkeley",
        year = "1999",
        note = "Available at http://www.jhauser.us/arithmetic/TestFloat.html",

}

@phdthesis{bewick,
	title = "{Fast multiplication: algorithms and implementation}",
	author = "G. W. Bewick",
        school = "Stanford University",
	year	= "1994",
}


@INPROCEEDINGS{762835,
  author={Oberman, S.F.},
  booktitle={Proceedings 14th IEEE Symposium on Computer Arithmetic (Cat. No.99CB36336)}, 
  title={Floating point division and square root algorithms and implementation in the AMD-K7/sup TM/ microprocessor}, 
  year={1999},
  volume={},
  number={},
  pages={106-115},
  doi={10.1109/ARITH.1999.762835}}

@INPROCEEDINGS{540618,
  author={Schwarz, E.M.},
  booktitle={Conference Record of The Twenty-Ninth Asilomar Conference on Signals, Systems and Computers}, 
  title={Rounding for quadratically converging algorithms for division and square root}, 
  year={1995},
  volume={1},
  number={},
  pages={600-603 vol.1},
  doi={10.1109/ACSSC.1995.540618}}

